% =======================================================================
% =                                                                     =
% =                                                                     =
% =			     referencias.bib				=
% =                                                                     =
% =                                                                     =
% =======================================================================
% -----------------------------------------------------------------------
% - Author:     Chaua Queirolo                                          -
% - Version:     1.0                                                    -
% -----------------------------------------------------------------------


% =======================================================================
% =				   BOOK					=
% =======================================================================
% -----------------------------------------------------------------------
% - * A book with an explicit publisher.				-
% -----------------------------------------------------------------------
% - Required: author or editor, title, publisher, year			-
% -									-
% - Optional: volume, series, address, edition, month, 			-
% -	      note, key							-
% -----------------------------------------------------------------------

@Book{ ref:darwin1872,
    author 	    = {Charles Darwin},
    title 	    = {The Expression of the Emotions in Man and Animals},
    publisher   = {John Murray},
    year 	    = {1872},
}





% =======================================================================
% =			      IN PROCEEDINGS				=
% =======================================================================
% -----------------------------------------------------------------------
% - An article in the proceedings of a conference.			-
% -----------------------------------------------------------------------
% - Required: author, title, booktitle, year 				-
% -									-
% - Optional: editor, pages, organization, publisher, address,		-
% - 	      month, note, key						-
% -----------------------------------------------------------------------

@InProceedings{ ref:silva2003-icip,
    author      = {Silva, L. and Bellon, O. R. P. and Gotardo, P. F. U. and Boyer, K. L.},
    title       = {Range image registration using enhanced genetic algorithms},
    booktitle   = REF_C_ICIP, 
    pages       = {711--714},
    volume      = {2},
    year        = {2003},
}


% =======================================================================
% =				 ARTICLE				=
% =======================================================================
% -----------------------------------------------------------------------
% - An article from a journal or magazine.				-
% -----------------------------------------------------------------------
% - Required: author, title, journal, year				-
% -									-
% - Optional: volume, number, pages, month, note, key			-
% -----------------------------------------------------------------------


@Article{ ref:martinez2002,
    author	    = {Martinez, A.M.},
    title	    = {Recognizing imprecisely localized, partially occluded, and expression variant faces from a single sample per class},
    journal	    = IEEE_J_PAMI,
    year	    = {2002},
    month	    = {Jun},
    volume	    = {24},
    number	    = {6},
    pages	    = {748-763},
}


% =======================================================================
% =			      IN COLLECTION				=
% =======================================================================
% -----------------------------------------------------------------------
% - A part of a book with its own title.				-
% -----------------------------------------------------------------------
% - Required: author, title, journal, year				-
% -									-
% - Optional: editor, pages, organization, publisher, address, month, 	-
% -	      note, key							-
% -----------------------------------------------------------------------


@InCollection{ ref:flynn2008,
    editor     = {A. K. Jain and A. Ross and P. J. Flynn},
    author 	   = {Patrick J. Flynn and Timothy Faltemier and Kevin W. Bowyer},
    booktitle  = {Handbook of Biometrics},
    title      = {{3D} Face Recognition},
    pages      = {211-229},
    publisher  = {Springer},
    chapter	   = {11},
    year       = {2008},
}



% =======================================================================
% =			       TECH REPORT				=
% =======================================================================
% -----------------------------------------------------------------------
% - A report published by a school or other institution, usually 	-
% - numbered within a series.						-
% -----------------------------------------------------------------------
% - Required: author, title, institution, year				- 
% -									-
% - Optional: type, number, address, month, note, key			-
% -----------------------------------------------------------------------

@TechReport{ref:carvalho2004b,
    author	    = {Fernando J. Carvalho},
    title	    = {Estudo, de Metodologias para Imagens de Faces },
    institution = {Universidade do Porto},
    year	    = {2004}
}


% =======================================================================
% =				   MISC					=
% =======================================================================
% -----------------------------------------------------------------------
% - Use this type when nothing else seems appropriate.			-
% -----------------------------------------------------------------------
% - Required: none 							-
% -									-
% - Optional: author, title, howpublished, month, year, note, key	- 
% -----------------------------------------------------------------------

@Misc{ ref:chibelushi2003,
    author	    = {C.C. Chibelushi and F. Bourel},
    title	    = {Facial Expression Recognition: A Brief Tutorial Overview},
    howpublished= {CVonline: On-Line Compendium of Computer Vision},
    year	    = {2003},
}


